@book{mlalgo09,
	author = {Stephen Marsland},
	title = {Machine Learning: An Algorithmic Perspective},
	year = {2009},
	publisher = {Chapman and Hall/CRC},
	series = {Machine Learning and Pattern Recognition},
}
@book{aimodern09,
	author = {Stuart Russell and Peter Norvig},
	title = {Artificial Intelligence: A Modern Approach},
	year = {2009},
	edition = {3rd}
}
@book{introprmatlab10,
	author = {Sergios Theodoridis and Konstantinos Koutroumbas},
	title = {An Introduction to Pattern Recognition: A MATLAB Approach},
	year = {2010},
	publisher = {Academic Press}
}
@book{pr4th08,
	author = {Sergios Theodoridis and Konstantinos Koutroumbas},
	title = {Pattern Recognition},
	year = {2008},
	publisher = {Academic Press},
	edition = {4th}
}
@MISC{airoboticsudacity,
	author = {Sebastian Thrun},
	title = {Artificial Intelligence for Robotics},
	publisher = {Udacity},
	url = {https://www.udacity.com/course/cs373}
}
@MISC{neuralnetscoursera,
	author = {Geoffrey Hinton},
	title = {Neural Networks for Machine Learning},
	publisher = {Coursera},
	url = {https://www.coursera.org/course/neuralnets}
}
@MISC{mlcoursera,
	author = {Andrew Ng},
	title = {Machine Learning},
	publisher = {Coursera},
	url = {https://www.coursera.org/course/ml}
}
@MISC{OrgDefEFF,
	author = {Wikipedia},
	title = {Electronic Frontier Foundation},
	url = {http://ca.wikipedia.org/wiki/Electronic\_Frontier\_Foundation}
}
@MISC{OrgDefEFFII,
	author = {Electronic Frontier Foundation},
	title = {About the Electronic Frontier Foundation},
	url = {https://www.eff.org/about}
}
@MISC{OrgDefFSF,
	author = {Free Software Foundation},
	title = {Free Software is the Goal},
	publisher = {Free Software Foundation},
	url = {http://www.fsf.org/appeal/2009/freedom-is-the-goal}
}
@MISC{ObjGNU,
	author = {GNU},
	title = {GNU's Not Unix - Philosphy},
	url = {http://www.gnu.org/philosophy/philosophy.html}
}
@MISC{GNUExit,
	author = {GNU},
	title = {The GNU Operating System},
	publisher = {GNU Official Website},
	url = {http://www.gnu.org/gnu}
}
@MISC{GNUExitII,
	author = {GNU},
	title = {About The GNU Operating System},
	url = {http://www.gnu.org/gnu/about-gnu.html}
}
@MISC{GnuMan,
	author = {GNU},
	title = {The GNU Manifesto},
	url = {https://www.gnu.org/gnu/manifesto.html}
}
@MISC{LinExit,
	author = {Linux},
	title = {Sobre el Kernel Linux},
	url = {http://www.linux-es.org/sobre_linux}
}
@MISC{POSIX,
	author = {LynuxWorks Inc.},
	title = {What's POSIX?},
	url = {http://www.lynuxworks.com/products/posix/posix.php3}
}
@MISC{MozExit,
	author = {Mozilla Corporation},
	title = {About the Mozilla Corporation},
	url = {http://www.mozilla.org/en-US/foundation/moco/}
}
@MISC{MozExitII,
	author = {Mozilla Corporation},
	title = {The Mozilla Foundation},
	url = {http://www.mozilla.org/en-US/foundation/}
}

@MISC{licenses,
	author = {\ac{fsf}},
	title = {Various Licenses and Comments about Them},
	url = {http://www.gnu.org/licenses/license-list.html}
}
@MISC{wikifree,
	author = {\ac{fsf}},
	title = {What is Free Software?},
	url = {http://www.gnu.org/philosophy/free-sw.html}
}
@MISC{sellingfree,
	author = {\ac{fsf}},
	title = {Vender software libre?},
	url = {https://www.gnu.org/philosophy/selling.es.html}
}
@MISC{linuxmembers,
	author = {Linux Foundation},
	title = {Linux Foundation Members},
	url = {http://www.linuxfoundation.org/about/members}

}
@MISC{linuxgitrepo,
	author = {Linus Torvalds},
	title = {Linux GitHub Repository},
	url = {https://github.com/torvalds/linux}

}
@MISC{vlcgitrepo,
	author = {Videolan Foundation},
	title = {VLC Git Repository},
	url = {https://github.com/torvalds/linux}
}


@book{ibmusdata,
	author = {Franklin M. Fisher and James W. McKie and Richard B.},
	title = {IBM and the U.S Data Processing Industry: an Economic History},
	year = {1983},
	publisher = {Praeger}
}
@MISC{fossieee,
	author = {Miller K.W and Voas J. and Tom Costello},
	title = {Free and Open Source Software},
	year = {2010},
	publisher = {IT Professional, Vol. 12, Issue 6},
	url = {http://ieeexplore.ieee.org/xpl/login.jsp?tp=&arnumber=5662568&url=http%3A%2F%2Fieeexplore.ieee.org%2Fiel5%2F6294%2F5662560%2F05662568.pdf%3Farnumber%3D5662568}
}
@MISC{fossadopters,
	author = {Wikimedia Foundation},
	title = {Free and Open Source Software - Adopters},
	url = {https://en.wikipedia.org/wiki/Free_and_open-source_software#Adoption_by_governments}
}
@MISC{fossadvantages,
	author = {Anònim (\href{mailto:sync@irc-hispano.org}{sync@irc-hispano.org})},
	title = {10 Ventajas del Software Libre y Propietario},
	url = {http://www.abadiadigital.com/diez-ventajas-del-software-libre-y-propietario/}
}
@MISC{fossdisadv,
	author = {suil},
	title = {Software Libre y Software Propietario, ventajas y desventajas},
	url = {http://www.gentegeek.com/sl-sp-ventajas-desventajas/}
}

@MISC{MozFesto,
	author = {Mozilla Corporation},
	title = {The Mozilla Manifesto},
	url = {http://www.mozilla.org/en-US/about/manifesto/}
}
@MISC{GvsM,
	author = {Chromium},
	title = {The Chromium Projects},
	url = {http://www.chromium.org/}
}
@MISC{Chrom,
	author = {Wikipedia},
	title = {Chromium},
	url = {http://ca.wikipedia.org/wiki/Chromium}
}
@MISC{ProgPro,
	author = {Wikimedia Foundation},
	title = {Programari de Propietat},
	url = {http://ca.wikipedia.org/wiki/Programari\_de\_propietat}
}
@MISC{gnugpl,
        author = {FSF},
        title = {La Llicència GPL},
        url = {http://www.gnu.org/copyleft/gpl.html}
}
@MISC{mit,
        author = {Open Source Iniciative},
        title = {La Llicència MIT},
        url = {http://opensource.org/licenses/MIT}
}
@MISC{bsd,
        author = {Wikimedia Foundation},
        title = {BSD},
        url = {http://es.wikipedia.org/wiki/Berkeley_Software_Distribution}
}
@MISC{tldr,
        author = {TLDR},
        title = {Explicació simplificada de llicències de software},
        url = {http://www.tldrlegal.com/browse}
}
@MISC{definicions,
        author = {Ramón M. Gómez Labrador (\href{mailto:ramongomez@us.es}{ramongomez@us.es})},
        title = {Definicions necessàries},
        url = {http://www.informatica.us.es/~ramon/articulos/LicenciasSoftware.pdf}
}
@MISC{copyright,
        author = {Wikimedia Foundation},
        title = {Copyright},
        url = {http://es.wikipedia.org/wiki/Derecho_de_autor}
}
@MISC{monoia,
        author = {Lina Marcela Cepeda Diaz \& Grace Lennis Benavides. \& Maria
        Cristina Lopez.},
        title = {Inteligencia Artificial},
        url = {http://www.monografias.com/trabajos16/la-inteligencia
	-artificial/la-inteligencia-artificial.shtml}
}
@MISC{wikiia,
        author = {Wikimedia Foundation},
        title = {Inteligencia Artificial},
        url = {http://ca.wikipedia.org/wiki/Intel\%C2\%B7lig\%C3\%
	A8ncia_artificial}
}
@MISC{definiciondeia,
        author = {Definicion.de},
        title = {Inteligencia Artificial},
        url = {http://www.definicion.de/inteligencia-artificial/}
}
@MISC{aidevelopers,
        author = {aidevelopers},
        title = {AI development},
        url = {http://www.aidevelopers.net/}

}

@MISC{IAgen,
	author = {Wikipedia},
	title = {Historia de la IA},
	url = {http://es.wikipedia.org/wiki/Historia\_de\_la\_inteligencia\_artificial}
}
@MISC{Algor,
	author = {How Stuff Works},
	title = {What's a Computer Algorithm},
	url = {http://www.howstuffworks.com/question717.htm}
}
@book{MaTur,
	author = {B. Jack Copeland},
	title = {The Essential Turing: Seminal Writings in Computing, Logic, Philosophy, Artificial Intelligence, and Artificial Life plus The Secrets of Enigma},
	publisher = {Oxford University Press},
	year = {2004},
	edition = {2004}
}
@MISC{EvoIA,
	author = {Wikimedia Foundation},
	title = {Antecedents de la IA},
	url = {http://es.wikipedia.org/wiki/Historia\_de\_la\_inteligencia
\_artificial#Antecedentes}
}
@MISC{Tri,
	author = {Ingeniatic},
	title = {El Triodo},
	url = {http://ingeniatic.euitt.upm.es/index.php/tecnologias/item/637-triodo}
}	
@MISC{AlaTur,
	author = {Dma.eui.upm},
	title = {Alan Turing},
	url = {http://www.dma.eui.upm.es/historia_informatica/Doc/Personajes/AlanTuring.htm}
}	
@MISC{IAgenII,
	author = {Stephanie Haack},
	title = {A Brief History of Artificial Intelligence},
	url = {http://www.atariarchives.org/deli/artificial_intelligence.php}
}
@MISC{InterFacts,
	author = {Some Interesting Facts},
	title = {Does AI exist?},
	url = {http://someinterestingfacts.net/does-artificial-intelligence-exist/}
}

@MISC{gnucategories,
	author = {\ac{fsf}},
	title = {Categories de privacitat},
	url = {http://www.gnu.org/philosophy/categories.ca.html}
}
@MISC{apache,
        author = {The Apache Software Foundation},
        title = {Web de la Fundació de Software Apache},
        url = {http://httpd.apache.org/}
}
@MISC{tinet,
        author = {Jordi Gili Llurba},
        title = {Aspectes econòmics de l'ús de programari lliure},
        url = {http://usuaris.tinet.cat/jogili/prog_lliure/}
}
@MISC{gentegeek,
        author = {Luis Lorenzo González},
        title = {Software libre y software propietario, ventajas y desventajas},
        url = {http://www.gentegeek.com/sl-sp-ventajas-desventajas/}
}
@MISC{propietariempreses,
        author = {Wikimedia Foundation},
        title = {List of the largest Software Companies},
        url = {http://en.wikipedia.org/wiki/List_of_the_largest_software_companies}
}
@MISC{whyfoss,
        author = {David A. Wheeler},
        title = {Why \ac{foss}?},
        url = {http://www.dwheeler.com/oss_fs_why.html}
}
@MISC{apachelicense,
        author = {The Apache Software Foundation},
        title = {The Apache License, Version 2.0},
        url = {http://www.apache.org/licenses/LICENSE-2.0.html}
}
@MISC{osstats,
        author = {W3Schools},
        title = {OS Platform Statistics},
        url = {http://www.w3schools.com/browsers/browsers_os.asp}
}
@MISC{ossvstats,
        author = {W3Techs},
        title = {Usage of operating systems for websites},
        url = {http://w3techs.com/technologies/overview/operating_system/all}
}
@MISC{freebsdlicense,
        author = {Wikimedia Foundation},
        title = {The FreeBSD License, 2-clause license},
        url = {http://en.wikipedia.org/wiki/FreeBSD_License#2-clause_license_.28.22Simplified_BSD_License.22_or_.22FreeBSD_License.22.29}
}
@MISC{wowbsd,
        author = {Mr. H},
        title = {Details about Playstation 4 OS development},
        url = {http://www.vgleaks.com/some-details-about-playstation-4-os-development/}

}

@MISC{pbs,
	author = {PBS off book},
	title = {Explicació i opinió de la IA},
	url = {http://www.youtube.com/watch?v=53K1dMyslJg}
}
@MISC{bostondynamics,
	author = {Boston Dynamics},
	title = {Creacions de Boston Dynamics},
	url = {https://www.youtube.com/results?search_query=boston+dynamics}
}
@MISC{googlecat,
	author = {Jeff Dean and Andrew Ng},
	title = {Utilitzant simulacions del cervell a gran escala per a aprenentatge de màquina i {AI}},
	url = {http://googleblog.blogspot.com.es/2012/06/using-large-scale-brain-simulations-for.html}
}

@MISC{watsonspecs,
	author = {IBM Corporation},
	title = {FAQ sobre Watson},
	url = {http://www.research.ibm.com/deepqa/faq.shtml}
}

@MISC{watsonjeopardy,
	author = {John Markoff},
	title = {Programa d'ordinador es llança a Jeopardy!},
	url = {http://www.nytimes.com/2009/04/27/technology/27jeopardy.html}
}

@book{mlintro,
	author = {Ethem Alpaydin},
	title = {Introduction to Machine Learning, 2nd ed.},
	year = {2010},
	publisher = {MIT Press}
}

@MISC{opencyc,
	author = {Cycorp Inc},
	title = {OpenCyc},
	url = {http://www.cyc.com/platform/opencyc}
}

@book{machineswhothink,
	author = {Pamela McCorduck},
	title = {Machines Who Think},
	year = {2004},
	publisher = {A K Peters, Ltd.}
}

@MISC{deepblue,
	author = {William Saletan},
	title = {El triomfant treball en equip d'humans i ordinadors},
	url = {http://www.slate.com/articles/health_and_science/human_nature/2007/05/chess_bump.html}
}
