@MISC{IAgen,
	author = "Wikipedia",
	title = "{Historia de la IA}",
	howpublished = "\url{http://es.wikipedia.org/wiki/Historia\_de\_la\_inteligencia\_artificial}"
}
@MISC{Algor,
	author = "How Stuff Works",
	title = "What's a Computer Algorithm",
	howpublished = "\url{http://www.howstuffworks.com/question717.htm}"
}
@book{MaTur,
	author = "B. Jack Copeland",
	title = "The Essential Turing: Seminal Writings in Computing, Logic, Philosophy, Artificial Intelligence, and Artificial Life plus The Secrets of Enigma",
	publisher = "Oxford University Press",
	year = "2004",
	edition = "2004"
}
@MISC{EvoIA,
	author = "Wikimedia Foundation",
	title = "{Antecedents de la IA}",
	howpublished = "\url{http://es.wikipedia.org/wiki/Historia\_de\_la\_inteligencia
\_artificial#Antecedentes}"
}
@MISC{Tri,
	author = "Ingeniatic",
	title = "El Triodo",
	howpublished = "\url{http://ingeniatic.euitt.upm.es/index.php/tecnologias/item/637-triodo}"
}	
@MISC{AlaTur,
	author = "Dma.eui.upm",
	title = "Alan Turing",
	howpublished = "\url{http://www.dma.eui.upm.es/historia_informatica/Doc/Personajes/AlanTuring.htm}"
}	
@MISC{IAgenII,
	author = "Stephanie Haack",
	title = "{A Brief History of Artificial Intelligence}",
	howpublished = "\url{http://www.atariarchives.org/deli/artificial_intelligence.php}"
}
@MISC{InterFacts,
	author = "Some Interesting Facts",
	title = "Does AI exist?",
	howpublished = "\url{http://someinterestingfacts.net/does-artificial-intelligence-exist/}"
}
