@book{mlalgo09,
	author = "Stephen Marsland",
	title = "{M}achine {L}earning: An {A}lgorithmic {P}erspective",
	year = "2009",
	publisher = "Chapman \& Hall/CRC",
	series = "Machine Learning \&	Pattern Recognition",
}
@book{aimodern09,
	author = "Stuart Russell \& Peter Norvig",
	title = "Artificial Intelligence: A Modern Approach",
	year = "2009",
	edition = "3rd"
}
@book{introprmatlab10,
	author = "Sergios Theodoridis \& Konstantinos Koutroumbas",
	title = "An Introduction to Pattern Recognition: A MATLAB Approach",
	year = "2010",
	publisher = "Academic Press"
}
@book{pr4th08,
	author = "Sergios Theodoridis \& Konstantinos Koutroumbas",
	title = "Pattern Recognition",
	year = "2008",
	publisher = "Academic Press",
	edition = "4th"
}
@MISC{airoboticsudacity,
	author = "Sebastian Thrun",
	title = "\emph{Artificial Intelligence for Robotics}",
	publisher = "Udacity",
	howpublished = "\url{https://www.udacity.com/course/cs373}"
}
@MISC{neuralnetscoursera,
	author = "Geoffrey Hinton",
	title = "\emph{Neural Networks for Machine Learning}",
	publisher = "Coursera",
	howpublished = "\url{https://www.coursera.org/course/neuralnets}"
}
@MISC{mlcoursera,
	author = "Andrew Ng",
	title = "\emph{Machine Learning}",
	publisher = "Coursera",
	howpublished = "\url{https://www.coursera.org/course/ml}"
}

@MISC{OrgDefEFF,
	author = "Wikipedia",
	title = "{E}lectronic {F}rontier {F}oundation",
	howpublished = "\url{http://ca.wikipedia.org/wiki/Electronic\_Frontier\_Foundation}"
}
@MISC{OrgDefEFFII,
	author = "Electronic Frontier Foundation",
	title = "About the {E}lectronic {F}rontier {F}oundation",
	howpublished = "\url{https://www.eff.org/about}"
}
@MISC{OrgDefFSF,
	author = "Free Software Foundation",
	title = "{F}ree {S}oftware is the {G}oal",
	publisher = "Free Software Foundation",
	howpublished = "\url{http://www.fsf.org/appeal/2009/freedom-is-the-goal}"
}
@MISC{ObjGNU,
	author = "GNU",
	title = "{GNU's Not Unix - Philosphy}",
	howpublished = "\url{http://www.gnu.org/philosophy/philosophy.html}"
}
@MISC{GNUExit,
	author = "GNU",
	title = "{The GNU Operating System}",
	publisher = "Gnu Official Website",
	howpublished = "\url{http://www.gnu.org/gnu}"
}
@MISC{GNUExitII,
	author = "GNU",
	title = "{About The GNU Operating System}",
	howpublished = "\url{http://www.gnu.org/gnu/about-gnu.html}"
}
@MISC{GnuMan,
	author = "GNU",
	title = "{The GNU Manifesto}",
	howpublished = "\url{https://www.gnu.org/gnu/manifesto.html}"
}
@MISC{LinExit,
	author = "Linux",
	title = "{Sobre el Kernel Linux}",
	howpublished = "\url{http://www.linux-es.org/sobre_linux}"
}
@MISC{POSIX,
	author = "LynuxWorks Inc.",
	title = "{What's POSIX?}",
	howpublished = "\url{http://www.lynuxworks.com/products/posix/posix.php3}"
}
@MISC{MozExit,
	author = "Mozilla Corporation",
	title = "About the {M}ozilla {C}orporation",
	howpublished = "\url{http://www.mozilla.org/en-US/foundation/moco/}"
}
@MISC{MozExitII,
	author = "Mozilla Corporation",
	title = "The {M}ozilla {F}oundation",
	howpublished = "\url{http://www.mozilla.org/en-US/foundation/}"
}
@MISC{MozFesto,
	author = "Mozilla Corporation",
	title = "The {M}ozilla {M}anifesto",
	howpublished = "\url{http://www.mozilla.org/en-US/about/manifesto/}"	
}
@MISC{GvsM,
	author = "Chromium",
	title = "The {C}hromium {P}rojects",
	howpublished = "\url{http://www.chromium.org/}"
}
@MISC{Chrom,
	author = "Wikipedia",
	title = "Chromium",
	howpublished = "\url{http://ca.wikipedia.org/wiki/Chromium}"
}
@MISC{ProgPro,
	author = "Wikimedia Foundation",
	title = "Programari de Propietat",
	howpublished = "\url{http://ca.wikipedia.org/wiki/Programari\_de\_propietat}"
}
@MISC{gnugpl,
        author = "FSF",
        title = "{La Llicència GPL}",
        howpublished = "\url{http://www.gnu.org/copyleft/gpl.html}"
}
@MISC{mit,
        author = "Open Source Iniciative",
        title = "{La Llicència MIT}",
        howpublished = "\url{http://opensource.org/licenses/MIT}"
}
@MISC{bsd,
        author = "Wikimedia Foundation",
        title = "{BSD}",
        howpublished = "\url{http://es.wikipedia.org/wiki/Berkeley_Software_Distribution}"
}
@MISC{tldr,
        author = "TLDR",
        title = "Explicació simplificada de llicències de software",
        howpublished = "\url{http://www.tldrlegal.com/browse}"
}
@MISC{definicions,
        author = "Ramón M. Gómez Labrador (\href{mailto:ramongomez@us.es}{ramongomez@us.es})",
        title = "Definicions necessàries",
        howpublished = "\url{http://www.informatica.us.es/~ramon/articulos/LicenciasSoftware.pdf}"
}
@MISC{copyright,
        author = "Wikimedia Foundation",
        title = "Copyright",
        howpublished = "\url{http://es.wikipedia.org/wiki/Derecho_de_autor}"
}
@MISC{monoia,
        author = "Lina Marcela Cepeda Diaz \& Grace Lennis Benavides. \& Maria
        Cristina Lopez.",
        title = "Inteligencia {A}rtificial",
        howpublished = "\url{http://www.monografias.com/trabajos16/la-inteligencia
	-artificial/la-inteligencia-artificial.shtml}"
}
@MISC{wikiia,
        author = "Wikimedia Foundation",
        title = "Inteligencia {A}rtificial",
        howpublished = "\url{http://ca.wikipedia.org/wiki/Intel\%C2\%B7lig\%C3\%
	A8ncia_artificial}"
}
@MISC{definiciondeia,
        author = "Definicion.De",
        title = "Inteligencia {A}rtificial",
        howpublished = "\url{http://www.definicion.de/inteligencia-artificial/}"
}
@MISC{aidevelopers,
        author = "aidevelopers",
        title = "AI development",
        howpublished = "\url{http://www.aidevelopers.net/}"

}



@MISC{pbs,
	author = "PBS off book",
	title = "{Explicació i opinió de la IA}",
	howpublished = "\url{http://www.youtube.com/watch?v=53K1dMyslJg}"
}
@MISC{bostondynamics,
	author = "Boston Dynamics",
	title = "{C}reacions de {B}oston {D}ynamics",
	howpublished = "\url{https://www.youtube.com/results?search_query=boston+dynamics}"
}
@MISC{googlecat,
	author = "Jeff Dean, Andrew Ng",
	title = "Utilitzant simulacions del cervell a gran escala per a aprenentatge de màquina i {AI}",
	howpublished = "\url{http://googleblog.blogspot.com.es/2012/06/using-large-scale-brain-simulations-for.html}"
}

@MISC{watsonspecs,
	author = "IBM Corporation",
	title = "{FAQ} sobre {W}atson",
	howpublished = "\url{http://www.research.ibm.com/deepqa/faq.shtml}"
}

@MISC{watsonjeopardy,
	author = "John Markoff",
	title = "{P}rograma d'ordinador es llança a {J}eopardy!",
	howpublished = "\url{http://www.nytimes.com/2009/04/27/technology/27jeopardy.html}"
}

@book{mlintro,
	author = "Ethem Alpaydin",
	title = "{I}ntroduction to {M}achine {L}earning, 2nd ed.",
	year = "2010",
	publisher = "MIT Press"
}

@MISC{opencyc,
	author = "Cycorp Inc",
	title = "{OpenCyc}",
	howpublished = "\url{http://www.cyc.com/platform/opencyc}"
}

@book{machineswhothink,
	author = "Pamela McCorduck",
	title = "{M}achines {W}ho {T}hink",
	year = "2004",
	publisher = "A K Peters, Ltd."
}

@MISC{deepblue,
	author = "William Saletan",
	title = "El triomfant treball en equip d'humans i ordinadors",
	howpublished = "\url{http://www.slate.com/articles/health_and_science/human_nature/2007/05/chess_bump.html}"
}


