@MISC{licenses,
        author = "{\ac{fsf}}",
        title = "{Various Licenses and Comments about Them}",
        howpublished = "\url{http://www.gnu.org/licenses/license-list.html}"
}
@MISC{wikifree,
        author = "{\ac{fsf}}",
        title = "{What is Free Software?}",
        howpublished = "\url{http://www.gnu.org/philosophy/free-sw.html}"
}
@MISC{sellingfree,
        author = "{\ac{fsf}}",
        title = "{Vender software libre?}",
        howpublished = "\url{https://www.gnu.org/philosophy/selling.es.html}"
}
@MISC{linuxmembers,
	author = "Linux Foundation",
	title = "Linux {F}oundation {M}embers",
	howpublished = "\url{http://www.linuxfoundation.org/about/members}"

}
@MISC{linuxgitrepo,
	author = "Linus Torvalds",
	title = "Linux {G}it{H}ub {R}epository",
	howpublished = "\url{https://github.com/torvalds/linux}"

}
@MISC{vlcgitrepo,
	author = "Videolan Foundation",
	title = "{VLC Git Repository}",
	howpublished = "\url{https://github.com/torvalds/linux}"

}
