@book{ibmusdata,
	author = "Franklin M. Fisher, James W. McKie \& Richard B.",
	title = "{IBM} and the {U.S} {D}ata {P}rocessing {I}ndustry: an {E}conomic {H}istory",
	year = "1983",
	publisher = "Praeger"
}
@MISC{fossieee,
	author = "Miller K.W \& Voas J. \& Tom Costello",
	title = "{F}ree and {O}pen {S}ource {S}oftware",
	year = "2010",
	publisher = "IT Professional, Vol. 12, Issue 6",
	howpublished = "\url{http://ieeexplore.ieee.org/xpl/login.jsp?tp=&arnumber=5662568&url=http%3A%2F%2Fieeexplore.ieee.org%2Fiel5%2F6294%2F5662560%2F05662568.pdf%3Farnumber%3D5662568}"
}
@MISC{fossadopters,
	author = "Wikimedia Foundation",
	title = "{F}ree and {O}pen {S}ource {S}oftware - {A}dopters",
	howpublished = "\url{https://en.wikipedia.org/wiki/Free_and_open-source_software#Adoption_by_governments}"
}
@MISC{fossadvantages,
	author = "An√≤nim (\href{mailto:sync@irc-hispano.org}{sync@irc-hispano.org})",
	title = "10 {V}entajas del {S}oftware {L}ibre y {P}ropietario",
	howpublished = "\url{http://www.abadiadigital.com/diez-ventajas-del-software-libre-y-propietario/}"
}
@MISC{fossdisadv,
	author = "suil",
	title = "{S}oftware {L}ibre y {S}oftware {P}ropietario, ventajas y desventajas",
	howpublished = "\url{http://www.gentegeek.com/sl-sp-ventajas-desventajas/}"
}
