@MISC{gnucategories,
	author = "\ac{fsf}",
	title = "Categories de privacitat",
	howpublished = "\url{http://www.gnu.org/philosophy/categories.ca.html}"
}
@MISC{apache,
        author = "The Apache Software Foundation",
        title = "{Web de la Fundació de Software Apache}",
        howpublished = "\url{http://httpd.apache.org/}"

}
@MISC{tinet,
        author = "Jordi Gili Llurba",
        title = "Aspectes econòmics de l'ús de programari lliure",
        howpublished = "\url{http://usuaris.tinet.cat/jogili/prog_lliure/}"

}
@MISC{gentegeek,
        author = "Luis Lorenzo González",
        title = "Software libre y software propietario, ventajas y desventajas",
        howpublished = "\url{http://www.gentegeek.com/sl-sp-ventajas-desventajas/}"

}
@MISC{propietariempreses,
        author = "Wikimedia Foundation",
        title = "{List of the largest Software Companies}",
        howpublished = "\url{http://en.wikipedia.org/wiki/List_of_the_largest_software_companies}"

}
@MISC{whyfoss,
        author = "David A. Wheeler",
        title = "Why \ac{foss}?",
        howpublished = "\url{http://www.dwheeler.com/oss_fs_why.html}"

}
@MISC{apachelicense,
        author = "The Apache Software Foundation",
        title = "The {A}pache {L}icense, {V}ersion 2.0",
        howpublished = "\url{http://www.apache.org/licenses/LICENSE-2.0.html}"

}
@MISC{osstats,
        author = "W3Schools",
        title = "{OS Platform Statistics}",
        howpublished = "\url{http://www.w3schools.com/browsers/browsers_os.asp}"

}
@MISC{ossvstats,
        author = "W3Techs",
        title = "Usage of operating systems for websites",
        howpublished = "\url{http://w3techs.com/technologies/overview/operating_system/all}"

}
@MISC{freebsdlicense,
        author = "Wikimedia Foundation",
        title = "{The FreeBSD License, 2-clause license}",
        howpublished = "\url{http://en.wikipedia.org/wiki/FreeBSD_License#2-clause_license_.28.22Simplified_BSD_License.22_or_.22FreeBSD_License.22.29}"

}
@MISC{wowbsd,
        author = "Mr. H",
        title = "{Details about Playstation 4 OS development}",
        howpublished = "\url{http://www.vgleaks.com/some-details-about-playstation-4-os-development/}"

}


