@book{mlalgo09,
	author = "Stephen Marsland",
	title = "{M}achine {L}earning: An {A}lgorithmic {P}erspective",
	year = "2009",
	publisher = "Chapman \& Hall/CRC",
	series = "Machine Learning \&	Pattern Recognition",
}
@MISC{fannlib,
	author = "Steffen Nissen",
	title = "{Fast Artificial Neural Network Library}",
	howpublished = "\url{http://leenissen.dk/fann/wp/}"
}
@MISC{sfmllib,
	author = "Laurent Gomila",
	title = "{Simple and Fast Multimedia Library}",
	howpublished = "\url{http://sfml-dev.org/}"
}
